@book{bancie,
  title = {Phương pháp giải bài toán Tối ưu tuyến tính nguyên},
  journal = {Đại học Sài Gòn},
  author = {Nguyễn Chí Bằng, Đỗ Ngọc Minh Thư},
  year = {2024}
}
